@article{de2012encode,
  title={The ENCODE project},
  author={de Souza, Natalie},
  journal={Nature methods},
  volume={9},
  number={11},
  pages={1046--1046},
  year={2012},
  publisher={Nature Publishing Group US New York}
}

@article{karolchik2003ucsc,
  title={The UCSC genome browser database},
  author={Karolchik, Donna and Baertsch, Robert and Diekhans, Mark and Furey, Terrence S and Hinrichs, Angie and Lu, YT and Roskin, Krishna M and Schwartz, Matt and Sugnet, Charles W and Thomas, Daryl J and others},
  journal={Nucleic acids research},
  volume={31},
  number={1},
  pages={51--54},
  year={2003},
  publisher={Oxford University Press}
}

@article{liao2019r,
  title={The R package Rsubread is easier, faster, cheaper and better for alignment and quantification of RNA sequencing reads},
  author={Liao, Yang and Smyth, Gordon K and Shi, Wei},
  journal={Nucleic acids research},
  volume={47},
  number={8},
  pages={e47--e47},
  year={2019},
  publisher={Oxford Academic}
}

@article{morgan2009shortread,
  title={ShortRead: a bioconductor package for input, quality assessment and exploration of high-throughput sequence data},
  author={Morgan, Martin and Anders, Simon and Lawrence, Michael and Aboyoun, Patrick and Pag{\`e}s, Herv{\'e} and Gentleman, Robert},
  journal={Bioinformatics},
  volume={25},
  number={19},
  pages={2607--2608},
  year={2009},
  publisher={Oxford University Press}
}

@article{li2009sequence,
  title={The sequence alignment/map format and SAMtools},
  author={Li, Heng and Handsaker, Bob and Wysoker, Alec and Fennell, Tim and Ruan, Jue and Homer, Nils and Marth, Gabor and Abecasis, Goncalo and Durbin, Richard and 1000 Genome Project Data Processing Subgroup},
  journal={bioinformatics},
  volume={25},
  number={16},
  pages={2078--2079},
  year={2009},
  publisher={Oxford University Press}
}

@article{nakato2021methods,
  title={Methods for ChIP-seq analysis: A practical workflow and advanced applications},
  author={Nakato, Ryuichiro and Sakata, Toyonori},
  journal={Methods},
  volume={187},
  pages={44--53},
  year={2021},
  publisher={Elsevier}
}

@article{gaspar2018improved,
  title={Improved peak-calling with MACS2},
  author={Gaspar, John M},
  journal={BioRxiv},
  pages={496521},
  year={2018},
  publisher={Cold Spring Harbor Laboratory}
}

@article{tarasov2015sambamba,
  title={Sambamba: fast processing of NGS alignment formats},
  author={Tarasov, Artem and Vilella, Albert J and Cuppen, Edwin and Nijman, Isaac J and Prins, Pjotr},
  journal={Bioinformatics},
  volume={31},
  number={12},
  pages={2032--2034},
  year={2015},
  publisher={Oxford University Press}
}

@article{chung2011discovering,
  title={Discovering transcription factor binding sites in highly repetitive regions of genomes with multi-read analysis of ChIP-Seq data},
  author={Chung, Dongjun and Kuan, Pei Fen and Li, Bo and Sanalkumar, Rajendran and Liang, Kun and Bresnick, Emery H and Dewey, Colin and Kele{\c{s}}, S{\"u}nd{\"u}z},
  journal={PLoS computational biology},
  volume={7},
  number={7},
  pages={e1002111},
  year={2011},
  publisher={Public Library of Science San Francisco, USA}
}

@article{amemiya2019encode,
  title={The ENCODE blacklist: identification of problematic regions of the genome},
  author={Amemiya, Haley M and Kundaje, Anshul and Boyle, Alan P},
  journal={Scientific reports},
  volume={9},
  number={1},
  pages={9354},
  year={2019},
  publisher={Nature Publishing Group UK London}
}

@article{quinlan2010bedtools,
  title={BEDTools: a flexible suite of utilities for comparing genomic features},
  author={Quinlan, Aaron R and Hall, Ira M},
  journal={Bioinformatics},
  volume={26},
  number={6},
  pages={841--842},
  year={2010},
  publisher={Oxford University Press}
}

@misc{meeta2023hbctraining, title={hbctraining/Intro-to-ChIPseq-flipped: Understanding Chromatin Biology - Lessons from HCBC (2nd release)}, DOI={10.5281/zenodo.7723255}, abstractNote={<p>Second release of the ChIP-seq data analysis training materials from the Harvard Chan Bioinformatics Core (<a href="https://bioinformatics.sph.harvard.edu/training">https://bioinformatics.sph.harvard.edu/training</a>). The raw data was obtained from the SRA (<a href="https://www.ncbi.nlm.nih.gov/sra?term=SRP134733">https://www.ncbi.nlm.nih.gov/sra?term=SRP134733</a>).</p> <p>Learning Objectives</p> <ul> <li>Understand the necessity for, and use of, the command line interface (bash) and HPC for analyzing high-throughput sequencing data.</li> <li>Understand best practices for designing a ChIP-seq experiment and analysis the resulting data.</li> </ul> <p>Description This workshop focuses on teaching computational skills to enable the effective use of an high-performance computing environment to implement a ChIP-seq data analysis workflow. In addition to running the workflow from FASTQ files to peak calls, the workshop covers best practice guidelines for ChIP-seq experimental design and data organization/management and data visualization for quality control. Comparison with ATAC-seq and CUT&amp;RUN methods were included in 2022.</p> <ul> <li>Introduction to ChIP-seq</li> <li>QC using FASTQC</li> <li>Alignment and filtering of reads (Bowtie2, Samtools)</li> <li>Peak calling (MACS2)</li> <li>Peak overlap (bedtools)</li> <li>Peak visualization (using deepTools)</li> </ul>}, publisher={Zenodo}, author={Meeta Mistry and Shannan Ho Sui and Jihe Liu and Mary Piper and William Gammerdinger and Radhika Khetani}, year={2023}, month={Mar} }

@article{ramirez2014deeptools,
  title={deepTools: a flexible platform for exploring deep-sequencing data},
  author={Ram{\'\i}rez, Fidel and D{\"u}ndar, Friederike and Diehl, Sarah and Gr{\"u}ning, Bj{\"o}rn A and Manke, Thomas},
  journal={Nucleic acids research},
  volume={42},
  number={W1},
  pages={W187--W191},
  year={2014},
  publisher={Oxford University Press}
}

@article{yu2015chipseeker,
  title={ChIPseeker: an R/Bioconductor package for ChIP peak annotation, comparison and visualization},
  author={Yu, Guangchuang and Wang, Li-Gen and He, Qing-Yu},
  journal={Bioinformatics},
  volume={31},
  number={14},
  pages={2382--2383},
  year={2015},
  publisher={Oxford University Press}
}

@article{yu2016reactomepa,
  title={ReactomePA: an R/Bioconductor package for reactome pathway analysis and visualization},
  author={Yu, Guangchuang and He, Qing-Yu},
  journal={Molecular BioSystems},
  volume={12},
  number={2},
  pages={477--479},
  year={2016},
  publisher={Royal Society of Chemistry}
}

@article{machanick2011meme,
  title={MEME-ChIP: motif analysis of large DNA datasets},
  author={Machanick, Philip and Bailey, Timothy L},
  journal={Bioinformatics},
  volume={27},
  number={12},
  pages={1696--1697},
  year={2011},
  publisher={Oxford University Press}
}

@article{shazman2014onthefly,
  title={OnTheFly: a database of Drosophila melanogaster transcription factors and their binding sites},
  author={Shazman, Shula and Lee, Hunjoong and Socol, Yakov and Mann, Richard S and Honig, Barry},
  journal={Nucleic acids research},
  volume={42},
  number={D1},
  pages={D167--D171},
  year={2014},
  publisher={Oxford University Press}
}